<?xml version="1.0" encoding="UTF-8"?>
<collection xmlns:xsi="http://www.w3.org/2001/XMLSchema-instance" xsi:schemaLocation="http://www.loc.gov/MARC21/slim http://www.loc.gov/standards/marcxml/schema/MARC21slim.xsd" xmlns="http://www.loc.gov/MARC21/slim">
<record>
  <leader>00775cam a22002051  4500</leader>
  <controlfield tag="001">2957748</controlfield>
  <controlfield tag="003">NNC</controlfield>
  <controlfield tag="005">20151019143140.0</controlfield>
  <controlfield tag="008">010212s1902    ua            000 0 ara d</controlfield>
  <datafield tag="035" ind1=" " ind2=" ">
    <subfield code="a">(OCoLC)ocm45893745</subfield>
  </datafield>
  <datafield tag="035" ind1=" " ind2=" ">
    <subfield code="9">ASK2842CU</subfield>
  </datafield>
  <datafield tag="035" ind1=" " ind2=" ">
    <subfield code="a">(NNC)2957748</subfield>
  </datafield>
  <datafield tag="040" ind1=" " ind2=" ">
    <subfield code="a">ZCU</subfield>
    <subfield code="c">ZCU</subfield>
  </datafield>
  <datafield tag="090" ind1=" " ind2=" ">
    <subfield code="a">BP166.8</subfield>
    <subfield code="b">Q87</subfield>
  </datafield>
  <datafield tag="100" ind1="1" ind2=" ">
    <subfield code="a">Qurṭubī, Muḥammad ibn Aḥmad,</subfield>
    <subfield code="d">-1273.</subfield>
  </datafield>
  <datafield tag="240" ind1="1" ind2="0">
    <subfield code="a">Tadhkirah fī ahwāl al-mawtā wa-umūr al-ākhirah</subfield>
  </datafield>
  <datafield tag="245" ind1="1" ind2="0">
    <subfield code="a">Mukhtasar Tadhkirat Abī Abd Allāh al-Qurtubī/</subfield>
    <subfield code="b">li-ʻAbd al-Wahhāb al-Shaʻrānī. Wa-bi-hāmishihī, Qurrat al-ʻuyūn wa-mufarrih al-qalb al-mahzūn, li-Abī al-Layth al-Samarqandī.</subfield>
  </datafield>
  <datafield tag="260" ind1=" " ind2=" ">
    <subfield code="a">al-Qāhirah:</subfield>
    <subfield code="b">al-Matbaʻah al-ʻĀmirah,</subfield>
    <subfield code="c">1320 [1902]</subfield>
  </datafield>
  <datafield tag="300" ind1=" " ind2=" ">
    <subfield code="a">4, 140 p. ;</subfield>
    <subfield code="c">28 cm.</subfield>
  </datafield>
  <datafield tag="955" ind1=" " ind2=" ">
    <subfield code="b">CU08168393</subfield>
    <subfield code="d">off,glx</subfield>
    <subfield code="e">BP166.8 Q87</subfield>
  </datafield>
</record>
</collection>